<?xml version="1.0" encoding="UTF-8"?><collection xmlns="http://www.loc.gov/MARC21/slim"><record><leader>00516nam--2200181-u-4500</leader><controlfield tag="001">000055500</controlfield><controlfield tag="002">20161230</controlfield><controlfield tag="005">20161230201052</controlfield><controlfield tag="008">130215s1000------------r-----000-0-eng-d</controlfield><datafield ind1=" " ind2=" " tag="040"><subfield code="a">IFIN-HH</subfield></datafield><datafield ind1=" " ind2=" " tag="080"><subfield code="a">801.323.2=82=20</subfield></datafield><datafield ind1="1" ind2=" " tag="100"><subfield code="a">Taube, A.M</subfield></datafield><datafield ind1="1" ind2="0" tag="245"><subfield code="a">Russian-english dictionary</subfield><subfield code="b">Russko-angliiskii slovari</subfield><subfield code="c">A.m. taube, i.w. litvinova, a.d. miller, r.c. daglish</subfield></datafield><datafield ind1=" " ind2=" " tag="260"><subfield code="a">Moskva</subfield><subfield code="b">Russkii Iazik</subfield><subfield code="c">1982</subfield></datafield><datafield ind1=" " ind2=" " tag="300"><subfield code="a">831P</subfield></datafield><datafield ind1="1" ind2=" " tag="700"><subfield code="a">Daglish, R.C</subfield></datafield><datafield ind1=" " ind2=" " tag="852"><subfield code="a">D.588</subfield><subfield code="c">SLF</subfield></datafield><datafield ind1=" " ind2=" " tag="CAT"><subfield code="a">Sys</subfield><subfield code="c">20130215</subfield><subfield code="h">114221</subfield></datafield></record></collection>